@article{tao2014analysis,
  title={Analysis. I, volume 37 of Texts and Readings in Mathematics},
  author={Tao, Terence},
  journal={Hindustan Book Agency, New Delhi},
  year={2014}
}
@book{john1997mathematical,
  title={Mathematical thinking: problem-solving and proofs},
  author={John Philip, D'Angelo and West, Douglas Brent},
  year={1997},
  publisher={Prentice-Hall}
}
